<?xml version="1.0" encoding="UTF-8"?><collection xmlns="http://www.loc.gov/MARC21/slim"><record><leader>00515nam--2200193-i-4500</leader><controlfield tag="001">000000221</controlfield><controlfield tag="002">20161230</controlfield><controlfield tag="005">20161230201023</controlfield><controlfield tag="008">060222s1000------------r-----000-0-rus-d</controlfield><datafield ind1=" " ind2=" " tag="040"><subfield code="a">IFIN-HH</subfield></datafield><datafield ind1=" " ind2=" " tag="041"><subfield code="a">rus</subfield></datafield><datafield ind1=" " ind2=" " tag="080"><subfield code="a">539.1.07</subfield></datafield><datafield ind1="1" ind2=" " tag="100"><subfield code="a">Veksler, V</subfield></datafield><datafield ind1="1" ind2="0" tag="245"><subfield code="a">Ionizationnie metodi issledovania izlucenii</subfield><subfield code="c">V. veksler, l. grosev, b. isaev</subfield></datafield><datafield ind1=" " ind2=" " tag="260"><subfield code="a">Moskva</subfield><subfield code="b">Tehniko-teoreticeskoi Literaturi</subfield><subfield code="c">1949</subfield></datafield><datafield ind1=" " ind2=" " tag="300"><subfield code="a">424P</subfield></datafield><datafield ind1="1" ind2=" " tag="700"><subfield code="a">Iasev, B</subfield></datafield><datafield ind1=" " ind2=" " tag="852"><subfield code="a">142</subfield><subfield code="c">539.1.07</subfield></datafield><datafield ind1=" " ind2=" " tag="CAT"><subfield code="a">Sys</subfield><subfield code="c">20111014</subfield><subfield code="h">122347</subfield></datafield></record></collection>